<record><leader>00000cas a2200000 a 4500</leader><controlfield tag="001">36975256</controlfield><controlfield tag="008">970528d19301931cauwr ne      0    0eng c</controlfield><datafield ind1=" " ind2=" " tag="010"><subfield code="a">sn 97060517 </subfield></datafield><datafield ind1=" " ind2=" " tag="040"><subfield code="a">CNK</subfield><subfield code="b">eng</subfield><subfield code="c">CNK</subfield><subfield code="d">OCLCQ</subfield><subfield code="d">CNK</subfield><subfield code="d">OCLCQ</subfield><subfield code="d">OCLCF</subfield><subfield code="d">OCLCO</subfield></datafield><datafield ind1="1" ind2=" " tag="029"><subfield code="a">AU@</subfield><subfield code="b">000013283053</subfield></datafield><datafield ind1=" " ind2=" " tag="042"><subfield code="a">pcc</subfield></datafield><datafield ind1=" " ind2=" " tag="043"><subfield code="a">n-us-ca</subfield></datafield><datafield ind1="0" ind2="0" tag="245"><subfield code="a">Torrance herald and Lomita news.</subfield></datafield><datafield ind1="1" ind2="7" tag="246"><subfield code="a">Torrance herald--Lomita news</subfield><subfield code="f">Apr. 3-Sept. 4, 1930</subfield></datafield><datafield ind1=" " ind2=" " tag="260"><subfield code="a">Torrance, Calif. :</subfield><subfield code="b">Grover C. Whyte</subfield></datafield><datafield ind1=" " ind2=" " tag="300"><subfield code="a">v.</subfield></datafield><datafield ind1=" " ind2=" " tag="310"><subfield code="a">Weekly</subfield></datafield><datafield ind1="0" ind2=" " tag="362"><subfield code="a">Vol. 16, no. 14 (Apr. 3, 1930)-v. 17, no. 51 (Dec. 3, 1931).</subfield></datafield><datafield ind1=" " ind2="0" tag="651"><subfield code="a">Torrance (Calif.)</subfield><subfield code="v">Newspapers.</subfield></datafield><datafield ind1=" " ind2="0" tag="651"><subfield code="a">Lomita (Calif.)</subfield><subfield code="v">Newspapers.</subfield></datafield><datafield ind1=" " ind2="7" tag="655"><subfield code="a">Newspapers.</subfield><subfield code="2">fast</subfield><subfield code="0">(OCoLC)fst01423814</subfield></datafield><datafield ind1=" " ind2="7" tag="651"><subfield code="a">California</subfield><subfield code="z">Lomita.</subfield><subfield code="2">fast</subfield><subfield code="0">(OCoLC)fst01224763</subfield></datafield><datafield ind1=" " ind2="7" tag="651"><subfield code="a">California</subfield><subfield code="z">Torrance.</subfield><subfield code="2">fast</subfield><subfield code="0">(OCoLC)fst01218725</subfield></datafield><datafield ind1=" " ind2=" " tag="752"><subfield code="a">United States</subfield><subfield code="b">California</subfield><subfield code="c">Los Angeles</subfield><subfield code="d">Torrance.</subfield></datafield><datafield ind1="0" ind2="4" tag="780"><subfield code="t">Torrance herald (Torrance, Calif. : 1914)</subfield><subfield code="w">(DLC)sn 97060516</subfield></datafield><datafield ind1="0" ind2="4" tag="780"><subfield code="t">Lomita news (Lomita, Calif. : 1925)</subfield><subfield code="w">(DLC)sn2008060121</subfield></datafield><datafield ind1="0" ind2="0" tag="785"><subfield code="t">Torrance herald (Torrance, Calif. : 1931)</subfield><subfield code="w">(DLC)sn 97060518</subfield></datafield></record>